
    <marc:record>
        <marc:leader>01770npcaa2200253Ii 4500</marc:leader>
        <marc:controlfield tag="001">003871728</marc:controlfield>
        <marc:controlfield tag="005">20190501162056.0</marc:controlfield>
        <marc:controlfield tag="008">190430i18631909mau                 eng d</marc:controlfield>
        <marc:datafield tag="035" ind1=" " ind2=" ">
            <marc:subfield code="a">1099535607</marc:subfield>
        </marc:datafield>
        <marc:datafield tag="040" ind1=" " ind2=" ">
            <marc:subfield code="a">NDD</marc:subfield>
            <marc:subfield code="b">eng</marc:subfield>
            <marc:subfield code="e">rda</marc:subfield>
            <marc:subfield code="e">dacs</marc:subfield>
            <marc:subfield code="c">NDD</marc:subfield>
        </marc:datafield>
        <marc:datafield tag="049" ind1=" " ind2=" ">
            <marc:subfield code="a">NDDP</marc:subfield>
        </marc:datafield>
        <marc:datafield tag="100" ind1="1" ind2=" ">
            <marc:subfield code="a">Greely, A. W.</marc:subfield>
            <marc:subfield code="q">(Adolphus Washington),</marc:subfield>
            <marc:subfield code="d">1844-1935,</marc:subfield>
            <marc:subfield code="e">creator.</marc:subfield>
        </marc:datafield>
        <marc:datafield tag="245" ind1="1" ind2="0">
            <marc:subfield code="a">A. W. Greely papers,</marc:subfield>
            <marc:subfield code="f">1863-1909.</marc:subfield>
        </marc:datafield>
        <marc:datafield tag="264" ind1=" " ind2="0">
            <marc:subfield code="c">1863-1909.</marc:subfield>
        </marc:datafield>
        <marc:datafield tag="300" ind1=" " ind2=" ">
            <marc:subfield code="a">43 items.</marc:subfield>
        </marc:datafield>
        <marc:datafield tag="336" ind1=" " ind2=" ">
            <marc:subfield code="a">text</marc:subfield>
            <marc:subfield code="b">txt</marc:subfield>
            <marc:subfield code="2">rdacontent</marc:subfield>
        </marc:datafield>
        <marc:datafield tag="337" ind1=" " ind2=" ">
            <marc:subfield code="a">unmediated</marc:subfield>
            <marc:subfield code="b">n</marc:subfield>
            <marc:subfield code="2">rdamedia</marc:subfield>
        </marc:datafield>
        <marc:datafield tag="338" ind1=" " ind2=" ">
            <marc:subfield code="a">sheet</marc:subfield>
            <marc:subfield code="b">nb</marc:subfield>
            <marc:subfield code="2">rdacarrier</marc:subfield>
        </marc:datafield>
        <marc:datafield tag="545" ind1=" " ind2=" ">
            <marc:subfield code="a">Adolphus Washington Greely (1844-1935) was a soldier, explorer, scientist, and author born in Newburyport, Massachusetts.</marc:subfield>
        </marc:datafield>
        <marc:datafield tag="520" ind1="8" ind2=" ">
            <marc:subfield code="a">Collection consists mainly of letters sent from Greely to his brother, John Augustus Greely, and to his likely brother-in-law, John W. Winder. The letters date from three periods: 1863-1866, 1888-1890, and 1903-1909. The earliest letters pertain to Greely's obtaining a position in a regiment of the 81st U.S. Colored Infantry, which participated in the Seige of Port Hudson, Louisiana and was transferred to New Orleans following the Civil War. Greely describes the political events leading up to the New Orleans Massacre (New Orleans Race Riot) of 1866, his unit's role in the conflict, and the impact that the conflict had on his career trajectory. Letters from later periods are more routine, mostly discussing visits to Newburyport as well as financial and legal matters. There are a few letters related to his duties in San Francisco in 1906.</marc:subfield>
        </marc:datafield>
        <marc:datafield tag="651" ind1=" " ind2="0">
            <marc:subfield code="a">New Orleans (La.)</marc:subfield>
            <marc:subfield code="x">History</marc:subfield>
            <marc:subfield code="y">19th century.</marc:subfield>
        </marc:datafield>
        <marc:datafield tag="610" ind1="1" ind2="0">
            <marc:subfield code="a">United States.</marc:subfield>
            <marc:subfield code="b">Army.</marc:subfield>
            <marc:subfield code="b">Colored Infantry Regiment, 81st (1864-1866)</marc:subfield>
        </marc:datafield>
        <marc:datafield tag="600" ind1="1" ind2="0">
            <marc:subfield code="a">Greely, A. W.</marc:subfield>
            <marc:subfield code="q">(Adolphus Washington),</marc:subfield>
            <marc:subfield code="d">1844-1935.</marc:subfield>
        </marc:datafield>
        <marc:datafield tag="651" ind1=" " ind2="0">
            <marc:subfield code="a">New Orleans (La.)</marc:subfield>
            <marc:subfield code="y">Riot, 1866.</marc:subfield>
        </marc:datafield>
    </marc:record>