
    <marc:record>
        <marc:leader>00297npmaa22001215a 4500</marc:leader>
        <marc:controlfield tag="001">003871534</marc:controlfield>
        <marc:controlfield tag="005">20070626092035.0</marc:controlfield>
        <marc:controlfield tag="008">050519i18641864mou||||| |||||||||||eng d</marc:controlfield>
        <marc:datafield tag="099" ind1=" " ind2=" ">
            <marc:subfield code="a">Sec. A</marc:subfield>
        </marc:datafield>
        <marc:datafield tag="100" ind1="1" ind2=" ">
            <marc:subfield code="a">Green, J. H.</marc:subfield>
        </marc:datafield>
        <marc:datafield tag="245" ind1="1" ind2="0">
            <marc:subfield code="a">Papers,</marc:subfield>
            <marc:subfield code="f">1864.</marc:subfield>
        </marc:datafield>
        <marc:datafield tag="300" ind1=" " ind2=" ">
            <marc:subfield code="a">4</marc:subfield>
            <marc:subfield code="f">items</marc:subfield>
            <marc:subfield code="a">(.10</marc:subfield>
            <marc:subfield code="f">lin. ft.)</marc:subfield>
        </marc:datafield>
        <marc:datafield tag="500" ind1=" " ind2=" ">
            <marc:subfield code="a">RBMSCL barcoding project.</marc:subfield>
        </marc:datafield>
    </marc:record>